<?xml version="1.0" encoding="UTF-8"?>
<collection xmlns:xsi="http://www.w3.org/2001/XMLSchema-instance" xsi:schemaLocation="http://www.loc.gov/MARC21/slim http://www.loc.gov/standards/marcxml/schema/MARC21slim.xsd" xmlns="http://www.loc.gov/MARC21/slim">
<record>
  <leader>01128cam a2200289 i 4500</leader>
  <controlfield tag="001">3067671</controlfield>
  <controlfield tag="003">NNC</controlfield>
  <controlfield tag="005">20121018200921.0</controlfield>
  <controlfield tag="008">890904s1948    iq            000 0 ara d</controlfield>
  <datafield tag="035" ind1=" " ind2=" ">
    <subfield code="a">(OCoLC)81901540</subfield>
  </datafield>
  <datafield tag="035" ind1=" " ind2=" ">
    <subfield code="a">(OCoLC)ocm81901540</subfield>
  </datafield>
  <datafield tag="035" ind1=" " ind2=" ">
    <subfield code="9">ATP0078CU</subfield>
  </datafield>
  <datafield tag="035" ind1=" " ind2=" ">
    <subfield code="a">(NNC)3067671</subfield>
  </datafield>
  <datafield tag="040" ind1=" " ind2=" ">
    <subfield code="a">OCH</subfield>
    <subfield code="c">OCH</subfield>
    <subfield code="d">CU</subfield>
  </datafield>
  <datafield tag="041" ind1="1" ind2=" ">
    <subfield code="a">araper</subfield>
  </datafield>
  <datafield tag="043" ind1=" " ind2=" ">
    <subfield code="a">a-iq---</subfield>
    <subfield code="a">a-tu---</subfield>
    <subfield code="a">a-ir---</subfield>
  </datafield>
  <datafield tag="100" ind1="1" ind2=" ">
    <subfield code="a">Munshiʼ al-Baghdādī, Muḥammad ibn Aḥmad.</subfield>
  </datafield>
  <datafield tag="245" ind1="1" ind2="0">
    <subfield code="a">Riḥlat al-Munshī al-Baghdādī ... :</subfield>
    <subfield code="b">Katabahā sanat 1237 H. - 1822 A.D. baʻda an tajawwala fī diyār al-Kurd wa-mawāṭin al-ʻIr̄aq al-ukhrá ; naqalahā ʻan al-Fārisīyah ʻAbbās al-ʻAzzāwī.</subfield>
  </datafield>
  <datafield tag="260" ind1=" " ind2=" ">
    <subfield code="a">Baghdād :</subfield>
    <subfield code="b">Sharikat al-Tijārah wa-al-Ṭibāʻah al-Maḥdūdah,</subfield>
    <subfield code="c">1948.</subfield>
  </datafield>
  <datafield tag="300" ind1=" " ind2=" ">
    <subfield code="a">128 p. ;</subfield>
    <subfield code="c">25 cm.</subfield>
  </datafield>
  <datafield tag="500" ind1=" " ind2=" ">
    <subfield code="a">Added t.p. : Itinerary of al-Munshi al-Baghdady ...</subfield>
  </datafield>
  <datafield tag="600" ind1="1" ind2="0">
    <subfield code="a">Rich, Claudius James,</subfield>
    <subfield code="d">1787-1821.</subfield>
  </datafield>
  <datafield tag="651" ind1=" " ind2="0">
    <subfield code="a">Kurdistan</subfield>
    <subfield code="x">Description and travel.</subfield>
  </datafield>
  <datafield tag="651" ind1=" " ind2="0">
    <subfield code="a">Iraq</subfield>
    <subfield code="x">Description and travel.</subfield>
  </datafield>
  <datafield tag="700" ind1="1" ind2=" ">
    <subfield code="a">ʻAzzāwī, ʻAbbās.</subfield>
  </datafield>
  <datafield tag="740" ind1="0" ind2=" ">
    <subfield code="a">Itinerary of al-Munshi al-Baghdady.</subfield>
  </datafield>
  <datafield tag="955" ind1=" " ind2=" ">
    <subfield code="b">CU58862790</subfield>
    <subfield code="d">off,glx</subfield>
    <subfield code="e">893.61 M89</subfield>
  </datafield>
</record>
</collection>